

@article{EMM21,
	author = {Erik Eyster and Kristof Madarasz and Pascal Michaillat},
	date-added = {2022-03-03 09:09:21 -0500},
	date-modified = {2022-03-03 09:10:40 -0500},
	doi = {10.1093/jeea/jvaa041},
	journal = {Journal of the European Economic Association},
	number = {3},
	pages = {1853--1898},
	title = {Pricing under Fairness Concerns},
	volume = {19},
	year = {2021}}

@article{MS21a,
	author = {Pascal Michaillat and Emmanuel Saez},
	date-added = {2022-03-03 09:08:10 -0500},
	date-modified = {2022-03-03 09:08:39 -0500},
	doi = {10.1162/rest_a_00893},
	journal = {Review of Economics and Statistics},
	number = {2},
	pages = {197--215},
	title = {Resolving {N}ew {K}eynesian Anomalies with Wealth in the Utility Function},
	volume = {103},
	year = {2021}}

@article{LMS18a,
	author = {Camille Landais and Pascal Michaillat and Emmanuel Saez},
	date-added = {2021-06-11 19:47:38 -0400},
	date-modified = {2022-03-03 09:06:59 -0500},
	doi = {10.1257/pol.20150088},
	journal = {American Economic Journal: Economic Policy},
	number = {2},
	pages = {152--181},
	title = {A Macroeconomic Approach to Optimal Unemployment Insurance: Theory},
	volume = {10},
	year = {2018},
	bdsk-url-1 = {https://doi.org/10.1257/pol.20150088}}

@article{LMS18b,
	author = {Camille Landais and Pascal Michaillat and Emmanuel Saez},
	date-added = {2021-06-11 19:47:38 -0400},
	date-modified = {2022-03-03 09:06:50 -0500},
	doi = {10.1257/pol.20160462},
	journal = {American Economic Journal: Economic Policy},
	number = {2},
	pages = {182--216},
	title = {A Macroeconomic Approach to Optimal Unemployment Insurance: Applications},
	volume = {10},
	year = {2018},
	bdsk-url-1 = {https://doi.org/10.1257/pol.20160462}}

@article{M12,
	author = {Pascal Michaillat},
	date-added = {2021-06-11 19:47:38 -0400},
	date-modified = {2022-03-03 09:07:22 -0500},
	doi = {10.1257/aer.102.4.1721},
	journal = {American Economic Review},
	number = {4},
	pages = {1721--1750},
	title = {Do Matching Frictions Explain Unemployment? Not in Bad Times},
	volume = {102},
	year = {2012},
	bdsk-url-1 = {https://doi.org/10.1257/aer.102.4.1721}}

@article{M14,
	author = {Pascal Michaillat},
	date-added = {2021-06-11 19:47:38 -0400},
	date-modified = {2022-03-03 09:07:06 -0500},
	doi = {10.1257/mac.6.1.190},
	journal = {American Economic Journal: Macroeconomics},
	number = {1},
	pages = {190--217},
	title = {A Theory of Countercyclical Government Multiplier},
	volume = {6},
	year = {2014},
	bdsk-url-1 = {https://doi.org/10.1257/mac.6.1.190}}

@article{MS15,
	author = {Pascal Michaillat and Emmanuel Saez},
	date-added = {2021-06-11 19:47:38 -0400},
	date-modified = {2022-03-03 09:07:11 -0500},
	doi = {10.1093/qje/qjv006},
	journal = {Quarterly Journal of Economics},
	number = {2},
	pages = {507--569},
	title = {Aggregate Demand, Idle Time, and Unemployment},
	volume = {130},
	year = {2015},
	bdsk-url-1 = {https://doi.org/10.1093/qje/qjv006}}

@article{MS22,
	author = {Pascal Michaillat and Emmanuel Saez},
	date-added = {2021-06-11 19:47:38 -0400},
	date-modified = {2022-01-30 19:12:21 -0500},
	doi = {10.1093/oep/gpab021},
	journal = {Oxford Economic Papers},
	title = {An Economical Business-Cycle Model},
	year = {2022},
	bdsk-url-1 = {https://doi.org/10.1093/oep/gpab021}}

@article{MS19,
	author = {Pascal Michaillat and Emmanuel Saez},
	date-added = {2021-06-11 19:47:38 -0400},
	date-modified = {2022-03-03 09:07:17 -0500},
	doi = {10.1093/restud/rdy030},
	journal = {Review of Economic Studies},
	number = {3},
	pages = {1301--1331},
	title = {Optimal Public Expenditure with Inefficient Unemployment},
	volume = {86},
	year = {2019},
	bdsk-url-1 = {https://doi.org/10.1093/restud/rdy030}}

@article{MS21b,
	author = {Pascal Michaillat and Emmanuel Saez},
	date-added = {2021-06-11 19:47:38 -0400},
	date-modified = {2022-03-03 09:07:37 -0500},
	doi = {10.1016/j.pubecp.2021.100009},
	journal = {Journal of Public Economics Plus},
	pages = {100009},
	title = {Beveridgean Unemployment Gap},
	volume = {2},
	year = {2021},
	bdsk-url-1 = {https://doi.org/10.1016/j.pubecp.2021.100009}}
